@misc{Kaggle2013,
  title = {Kaggle: Go from Big Data to Big Analytics},
  howpublished = {\url{http://www.kaggle.com}},
  note = {Accessed: 2013-12-08}
}
@misc{kmeans,
  title = {k-means clustering algorithm},
  howpublished = {\url{http://www.cs.uvm.edu/~xwu/kdd/Slides/Kmeans-ICDM06.pdf}},
  note = {Accessed: 2013-12-09}
}
